<record><leader>00000cas a22000007a 4500</leader><controlfield tag="001">26176049</controlfield><controlfield tag="008">920713d18831909nyuwr ne      0    0eng d</controlfield><datafield ind1=" " ind2=" " tag="010"><subfield code="a">sn 92061812 </subfield></datafield><datafield ind1=" " ind2=" " tag="040"><subfield code="a">NYS</subfield><subfield code="b">eng</subfield><subfield code="c">NYS</subfield><subfield code="d">OCLCQ</subfield></datafield><datafield ind1=" " ind2=" " tag="042"><subfield code="a">msc</subfield></datafield><datafield ind1="0" ind2="4" tag="245"><subfield code="a">The Olean Democrat.</subfield></datafield><datafield ind1="1" ind2="7" tag="246"><subfield code="a">Semi-weekly Democrat</subfield></datafield><datafield ind1="1" ind2="7" tag="246"><subfield code="a">Olean weekly Democrat</subfield></datafield><datafield ind1=" " ind2=" " tag="260"><subfield code="a">Olean, Cattaraugus Co., N.Y. :</subfield><subfield code="b">Chas. F. Persons</subfield></datafield><datafield ind1=" " ind2=" " tag="300"><subfield code="a">v.</subfield></datafield><datafield ind1=" " ind2=" " tag="310"><subfield code="a">Weekly,</subfield><subfield code="b">Jan. 11, 1901-July 2, 1909</subfield></datafield><datafield ind1=" " ind2=" " tag="321"><subfield code="a">Semiweekly,</subfield><subfield code="b">June 14, 1892-Jan. 4, 1901</subfield></datafield><datafield ind1=" " ind2=" " tag="321"><subfield code="a">Weekly,</subfield><subfield code="b">Oct. 2, 1883-June 12, 1892</subfield></datafield><datafield ind1="0" ind2=" " tag="362"><subfield code="a">Vol. 4, no. 45 (Oct. 2, 1883)-v. 27, no. 23 (July 2, 1909).</subfield></datafield><datafield ind1=" " ind2=" " tag="580"><subfield code="a">Daily eds.: Olean herald (Olean, N.Y. : 1883), 1885-1905; Olean evening herald, 1906-1909.</subfield></datafield><datafield ind1=" " ind2=" " tag="580"><subfield code="a">Sunday ed.: Olean herald (Olean, N.Y. : 1883), 1883-1885.</subfield></datafield><datafield ind1=" " ind2="4" tag="651"><subfield code="a">Olean (N.Y.)</subfield><subfield code="v">Newspapers.</subfield></datafield><datafield ind1=" " ind2=" " tag="752"><subfield code="a">United States</subfield><subfield code="b">New York</subfield><subfield code="c">Cattaraugus</subfield><subfield code="d">Olean.</subfield></datafield><datafield ind1="1" ind2=" " tag="775"><subfield code="t">Olean herald (Olean, N.Y. : 1883)</subfield><subfield code="w">(DLC)sn 89077026</subfield></datafield><datafield ind1="1" ind2=" " tag="775"><subfield code="t">Olean evening herald</subfield><subfield code="w">(DLC)sn 92061799</subfield></datafield><datafield ind1="0" ind2="0" tag="780"><subfield code="t">Democrat (Olean, N.Y.)</subfield><subfield code="w">(DLC)sn 92061811</subfield><subfield code="w">(OCoLC)26175220</subfield></datafield><datafield ind1="0" ind2="7" tag="785"><subfield code="t">Cattaraugus union</subfield><subfield code="w">(DLC)sn 83030977</subfield></datafield><datafield ind1="0" ind2="0" tag="785"><subfield code="t">Cattaraugus union and the Olean Democrat</subfield><subfield code="w">(DLC)sn 92061813</subfield><subfield code="w">(OCoLC)26176218</subfield></datafield><datafield ind1="1" ind2=" " tag="029"><subfield code="a">AU@</subfield><subfield code="b">000020704477</subfield></datafield></record>